
@inproceedings{srivastava2003web,
  title={Web service composition-current solutions and open problems},
  author={Srivastava, Biplav and Koehler, Jana},
  booktitle={ICAPS 2003 workshop on Planning for Web Services},
  volume={35},
  pages={28--35},
  year={2003}
}

@article{aversano2006genetic,
  title={A genetic programming approach to support the design of service compositions},
  author={Aversano, Lerina and Di Penta, Massimiliano and Taneja, Kunal},
  journal={International Journal of Computer Systems Science \& Engineering},
  volume={21},
  number={4},
  pages={247--254},
  year={2006}
}

@article{rodriguez2010composition,
  title={Composition of web services through genetic programming},
  author={Rodriguez-Mier, Pablo and Mucientes, Manuel and Lama, Manuel and Couto, Miguel I},
  journal={Evolutionary Intelligence},
  volume={3},
  number={3-4},
  pages={171--186},
  year={2010},
  publisher={Springer}
}

@inproceedings{bansal2008wsc,
  title={WSC-08: continuing the web services challenge},
  author={Bansal, Ajay and Blake, M Brian and Kona, Srividya and Bleul, Steffen and Weise, Thomas and Jaeger, Michael C},
  booktitle={E-Commerce Technology and the Fifth IEEE Conference on Enterprise Computing, E-Commerce and E-Services, 2008 10th IEEE Conference on},
  pages={351--354},
  year={2008},
  organization={IEEE}
}

@inproceedings{kuster2008opossum,
  title={Opossum-an online portal to collect and share sws descriptions},
  author={Kuster, U and Konig-Ries, Birgitta and Krug, Andreas},
  booktitle={Semantic Computing, 2008 IEEE International Conference on},
  pages={480--481},
  year={2008},
  organization={IEEE}
}

@INPROCEEDINGS{silva2014graph, 
author={da Silva, A.S. and Hui Ma and Mengjie Zhang}, 
booktitle={Evolutionary Computation (CEC), 2014 IEEE Congress on}, 
title={A graph-based Particle Swarm Optimisation approach to QoS-aware web service composition and selection}, 
year={2014}, 
month={July}, 
pages={3127-3134}, 
keywords={Web services;graph theory;greedy algorithms;particle swarm optimisation;quality of service;QoS-aware Web service composition;QoS-aware Web service selection;graph-based PSO technique;graph-based particle swarm optimisation approach;greedy-based PSO technique;near-optimal Web services;network-accessible modules;optimal workflow;quality of service properties;workflow configurations;Abstracts;Optimization;Particle swarm optimization;Quality of service;Read only memory;Vectors;Web services}, 
doi={10.1109/CEC.2014.6900404},}

@inproceedings{chen2014qos,
  title={QoS-aware Service Composition over Graphplan through Graph Reachability},
  author={Chen, Min and Yan, Yuhong},
  booktitle={Services Computing (SCC), 2014 IEEE International Conference on},
  pages={544--551},
  year={2014},
  organization={IEEE}
}

@article{deng2013efficient,
  title={Efficient planning for top-K Web service composition},
  author={Deng, Shuiguang and Wu, Bin and Yin, Jianwei and Wu, Zhaohui},
  journal={Knowledge and information systems},
  volume={36},
  number={3},
  pages={579--605},
  year={2013},
  publisher={Springer}
}

@inproceedings{huang2009effective,
  title={Effective pruning algorithm for qos-aware service composition},
  author={Huang, Zhenqiu and Jiang, Wei and Hu, Songlin and Liu, Zhiyong},
  booktitle={Commerce and Enterprise Computing, 2009. CEC'09. IEEE Conference on},
  pages={519--522},
  year={2009},
  organization={IEEE}
}

@inproceedings{wang2013genetic,
  title={Genetic Programming with Greedy Search for Web Service Composition},
  author={Wang, Anqi and Ma, Hui and Zhang, Mengjie},
  booktitle={Database and Expert Systems Applications},
  pages={9--17},
  year={2013},
  organization={Springer}
}

@article{gottschalk2002introduction,
  title={Introduction to web services architecture},
  author={Gottschalk, Karl and Graham, Stephen and Kreger, Heather and Snell, James},
  journal={IBM systems Journal},
  volume={41},
  number={2},
  pages={170--177},
  year={2002}
}

@inproceedings{perrey2003service,
  title={Service-oriented architecture},
  author={Perrey, Randall and Lycett, Mark},
  booktitle={Applications and the Internet Workshops, 2003. Proceedings. 2003 Symposium on},
  pages={116--119},
  year={2003},
  organization={IEEE}
}

@article{milanovic2004current,
  title={Current solutions for web service composition},
  author={Milanovic, Nikola and Malek, Miroslaw},
  journal={IEEE Internet Computing},
  volume={8},
  number={6},
  pages={51--59},
  year={2004},
  publisher={IEEE Computer Society}
}

@article{yoo2008web,
  title={A web service composition framework using integer programming with non-functional objectives and constraints},
  author={Yoo, John Jung-Woon and Kumara, Soundar and Lee, Dongwon and Oh, Seog-Chan},
  journal={algorithms},
  volume={1},
  pages={7},
  year={2008}
}

@inproceedings{wang2012survey,
  title={A survey on bio-inspired algorithms for web service composition},
  author={Wang, Lijuan and Shen, Jun and Yong, Jianming},
  booktitle={Computer Supported Cooperative Work in Design (CSCWD), 2012 IEEE 16th International Conference on},
  pages={569--574},
  year={2012},
  organization={IEEE}
}

@article{qi1994theoretical,
  title={Theoretical analysis of evolutionary algorithms with an infinite population size in continuous space. Part II: Analysis of the diversification role of crossover},
  author={Qi, Xiaofeng and Palmieri, Francesco},
  journal={Neural Networks, IEEE Transactions on},
  volume={5},
  number={1},
  pages={120--129},
  year={1994},
  publisher={IEEE}
}